@article{Andersen_2012, title={The impact of tutorials on games of varying complexity}, DOI={10.1145/2207676.2207687}, journal={Proceedings of the SIGCHI Conference on Human Factors in Computing Systems}, author={Andersen, Erik and Oâ€™Rourke, Eleanor and Liu, Yun-En and Snider, Rich and Lowdermilk, Jeff and Truong, David and Cooper, Seth and Popovic, Zoran}, year={2012}} 