@inproceedings{You_2021,
  doi       = {10.1145/3411764.3445657},
  url       = {https://doi.org/10.1145%2F3411764.3445657},
  year      = {2021},
  month     = {may},
  title     = {The Medical Authority of {AI}: A Study of {AI}-enabled Consumer-Facing Health Technology},
  booktitle = {Proceedings of the 2021 {CHI} Conference on Human Factors in Computing Systems},
  publisher = {{ACM}},
  author    = {Yue You and Yubo Kou and Xianghua(Sharon) Ding and Xinning Gui}
}